@conference{gaussian_process,
    author = {Liu, Jeremiah and Lin, Zi and Padhy, Shreyas and Tran, Dustin and Bedrax-Weiss, Tania and Lakshminarayanan, Balaji},
    year = {2020},
    month = {06},
    pages = {},
    title = {Simple and Principled Uncertainty Estimation with Deterministic Deep Learning via Distance Awareness}
}

@conference{rbf_networks,
    title={Uncertainty Estimation Using a Single Deep Deterministic Neural Network},
    author={van Amersfoort, Joost and Smith, Lewis and Teh, Yee Whye and Gal, Yarin},
    booktitle={International Conference on Machine Learning},
    year={2020}
}

@conference{structured_prediction,
    title={Uncertainty in Structured Prediction},
    author={Malinin, Andrey and Gales, Mark},
    booktitle={arXiv preprint arXiv:2002.07650},
    year={2020}
}

@incollection{ensembles,
    title = {Simple and Scalable Predictive Uncertainty Estimation using Deep Ensembles},
    author = {Lakshminarayanan, Balaji and Pritzel, Alexander and Blundell, Charles},
    booktitle = {Advances in Neural Information Processing Systems 30},
    editor = {I. Guyon and U. V. Luxburg and S. Bengio and H. Wallach and R. Fergus and S. Vishwanathan and R. Garnett},
    pages = {6402--6413},
    year = {2017},
    publisher = {Curran Associates, Inc.},
    url = {http://papers.nips.cc/paper/7219-simple-and-scalable-predictive-uncertainty-estimation-using-deep-ensembles.pdf}
}

@conference{do_dont_know,
    author = {Nalisnick, Eric and Matsukawa, Akihiro and Teh, Yee and Gorur, Dilan and Lakshminarayanan, Balaji},
    year = {2019},
    month = {10},
    pages = {},
    title = {Do Deep Generative Models Know What They Don't Know?},
    booktitle={International Conference on Learning Representations (ICLR)}
}

@conference{autoencoders,
    author = {Denouden, Taylor and Salay, Rick and Czarnecki, Krzysztof and Abdelzad, Vahdat and Phan, Buu and Vernekar, Sachin},
    year = {2018},
    month = {12},
    pages = {},
    title = {Improving Reconstruction Autoencoder Out-of-distribution Detection with Mahalanobis Distance},
    booktitle = {arXiv:1812.02765}
}

@conference{norm_flows_fail,
    author = {Kirichenko, Polina and Izmailov, Pavel and Wilson, Andrew Gordon},
    year = {2020},
    month = {06},
    pages = {},
    title = {Why Normalizing Flows Fail to Detect Out-of-Distribution Data},
    booktitle = {arXiv preprint arXiv:2006.08545}
}

@conference{random_network,
    author = {Burda, Yuri and Edwards, Harrison and Storkey, Amos and Klimov, Oleg},
    year = {2018},
    month = {10},
    pages = {},
    title = {Exploration by Random Network Distillation},
    booktitle = {arXiv:1810.12894}
}

@inproceedings{end2,
    title={Ensemble Distribution Distillation},
    author={Andrey Malinin and Bruno Mlodozeniec and Mark Gales},
    booktitle={International Conference on Learning Representations},
    year={2020},
    url={https://openreview.net/forum?id=BygSP6Vtvr}
}

@inproceedings{pitfalls,
    title={Pitfalls of In-Domain Uncertainty Estimation and Ensembling in Deep Learning},
    author={Arsenii Ashukha and Alexander Lyzhov and Dmitry Molchanov and Dmitry Vetrov},
    booktitle={International Conference on Learning Representations},
    year={2020},
    url={https://openreview.net/forum?id=BJxI5gHKDr}
}

@inproceedings{vae,
    author = {Kingma, Diederik P. and Welling, Max},
    booktitle = {ICLR},
    title = {Auto-Encoding Variational Bayes.},
    year = {2014}
}

@incollection{transformer,
    title = {Attention is All you Need},
    author = {Vaswani, Ashish and Shazeer, Noam and Parmar, Niki and Uszkoreit, Jakob and Jones, Llion and Gomez, Aidan N and Kaiser, \L ukasz and Polosukhin, Illia},
    booktitle = {Advances in Neural Information Processing Systems 30},
    editor = {I. Guyon and U. V. Luxburg and S. Bengio and H. Wallach and R. Fergus and S. Vishwanathan and R. Garnett},
    pages = {5998--6008},
    year = {2017},
    publisher = {Curran Associates, Inc.},
    url = {http://papers.nips.cc/paper/7181-attention-is-all-you-need.pdf}
}
